<?xml version="1.0" encoding="UTF-8"?><collection><record><leader>12033ntm a2200661 a 4500</leader><controlfield tag="001">006812474</controlfield><controlfield tag="003">MiAaHDL</controlfield><controlfield tag="005">20190719000000.0</controlfield><controlfield tag="006">m        d        </controlfield><controlfield tag="007">cr bn ---auaua</controlfield><controlfield tag="008">090603m16661676xx            00| ||ara d</controlfield><datafield tag="035" ind1=" " ind2=" "><subfield code="a">(MiU)006812474</subfield></datafield><datafield tag="035" ind1=" " ind2=" "><subfield code="a">sdr-miu006812474</subfield></datafield><datafield tag="040" ind1=" " ind2=" "><subfield code="a">MiU</subfield><subfield code="c">MiU</subfield><subfield code="e">amremm</subfield></datafield><datafield tag="043" ind1=" " ind2=" "><subfield code="a">n-us-mi</subfield></datafield><datafield tag="100" ind1="0" ind2=" "><subfield code="6">880-01</subfield><subfield code="a">Kamāl al-Dīn Muḥammad ibn Muḥammad ibn Ḥasan al-Taymī al-Dārimī,</subfield><subfield code="d">d. 1418.</subfield></datafield><datafield tag="245" ind1="1" ind2="0"><subfield code="6">880-03</subfield><subfield code="a">[Natījat al-naẓar fī nukhbat al-fikar...etc.,</subfield><subfield code="f">1077, i.e. 1666 and 1086, i.e., 1676].</subfield></datafield><datafield tag="260" ind1=" " ind2=" "><subfield code="c">[1666 and 1676].</subfield></datafield><datafield tag="300" ind1=" " ind2=" "><subfield code="a">78 leaves :</subfield><subfield code="b">paper ;</subfield><subfield code="c">208 x 156 (151 x 92) mm.</subfield></datafield><datafield tag="500" ind1=" " ind2=" "><subfield code="a">Shelfmark: Ann Arbor, University of Michigan, Special Collections Library, Isl. Ms. 499</subfield></datafield><datafield tag="500" ind1=" " ind2=" "><subfield code="a">Origin: As appears in colophon on p.122, composition of Natījat al-naẓar completed in last tenth of Ramaḍān 817 [December 1414]. Transcription of this copy executed by Nāṣir Aṣlān and completed 26 Shawwāl 1086 [ca. 13 January 1676]. As appears in colophon on p.165, ijāzah or thabat composed and granted to ʻAbd al-Qādir ibn Yaḥyá ibn Jumʻah al-Baṣīr al-Baṣrī by Abū al-Falāḥ ʻAbd al-Ḥayy ibn Aḥmad ibn Muḥammad Ibn al-ʻImād in Madrasat al-Salīmīyah and completed in Damascus 8 Rabīʻ I 1077 [ca. 8 September 1666]. This copy of the ijāzah transcribed from that in his hand "ونقل هذا الثبت من خط المجيز ابي الفلاح الشيخ عبد الحي عفي الله عنه بمنه وكرمه امين". The recipient is the granter of the final ijāzah, dated 13 Dhū al-Qaʻdah 1086 [ca. 29 January 1676].</subfield></datafield><datafield tag="500" ind1=" " ind2=" "><subfield code="a">Accompanying materials: a. Inventory cataloguing slip in hand of Winifred Smeaton Thomas (pp.1-2) -- b. Acquisitions slip from Yahuda (pp.3-4) -- c. Two more inventory cataloguing slips in hand of Winifred Smeaton Thomas (pp.5-8) -- d. Portion of a page ripped from a printed book (pp.9-10).</subfield></datafield><datafield tag="500" ind1=" " ind2=" "><subfield code="a">Former shelfmark: From inner front cover and spine label, "IL 386" (likely supplied by Yahuda, see acquisitions slip).</subfield></datafield><datafield tag="500" ind1=" " ind2=" "><subfield code="a">Binding: Boards covered in shell marbled paper (mainly in green-blue, purple, and yellow) with tan leather over spine ; Type III binding (without flap) ; pastedowns and flyleaves in beige wove paper ; resewn in heavy cream thread, six stations ; overall in fair condition with some abrasion, lifting and losses of paper, etc.</subfield></datafield><datafield tag="500" ind1=" " ind2=" "><subfield code="a">Support: European and non-European laid paper ; mainly European laid paper with 7 laid lines per cm. (vertical), chain lines spaced 28 mm. apart (horizontal), three crescents watermark (perpendicular to chains, 80 mm. long, see p.22), crown-star-crescent watermark (see p.18,19,34,35, etc.) and "V G" under trefoil countermark (compare the three marks of no.249 in Nikolaev, Watermarks of the Ottoman Empire, dated 1673), well-burnished and sturdy ; final two quires in non-European laid paper with roughly 9-10 laid lines per cm. (horizontal), extremely indistinct in most leaves though obviously curved where visible, thin, crisp, highly burnished to glossy, beige to dark cream in color.</subfield></datafield><datafield tag="500" ind1=" " ind2=" "><subfield code="a">Decoration: Keywords and abbreviation symbols (mainly sigla) rubricated ; textual dividers in the form of red inverted commas ; overlining in red.</subfield></datafield><datafield tag="500" ind1=" " ind2=" "><subfield code="a">Script: Naskh ; three main 'Syrian' (Palestinian [?]) hands ; main work in a compact, elegant hand, virtually serifless (though miniscule serifs appear irregularly and sharp right-ward serif appears on shaqq of kāf) with effect of tilt to the left, descenders mainly curvilinear though occasional rāʼ and bowl / foot of nūn, lām, sīn, ṣāḍ, etc. quite flat and stiff, pointing in distinct dots, kāf mashqūqah preferred ; ijāzah or thabat in another fine hand, partially seriffed and quite freely ligatured with effect of tilt to the left and of words descending to baseline, quite rounded with curvlinear descenders, pointing in strokes rather than distinct dots ; final ijāzah appears to be in still a different hand, serifless with effect of slight tilt to the left, words occasionally descending to baseline, open and closed counters.</subfield></datafield><datafield tag="500" ind1=" " ind2=" "><subfield code="a">Layout: Written in 23 lines per page.</subfield></datafield><datafield tag="500" ind1=" " ind2=" "><subfield code="a">Collation: i, 7 IV(56), VI (68), V (78), ii ; chiefly quaternions ; catchwords present ; pagination in pencil, Western numerals, supplied during digitization (includes inserts).</subfield></datafield><datafield tag="500" ind1=" " ind2=" "><subfield code="a">Colophon: [Natījat al-naẓar] "Authorial," rectangular, reads "وكان الفراغ من وضع هذا الشرح في العشر الاخير من رمضان سنة سبع عشرة وثمان مائة بالقاهرة المعزية حرسها الله تعالى" ; "Scribal," triangular, reads "وكان الفراغ من نسخته يوم الاثنين يوم سته وعشرين في شهر شوال سنة الف وستة وثمانين من بعد الهجرة النبوية على صاحبها افضل الصلاة واكمل السلام على يد اقل عباد الله الراجي رحمته ... ناصر اصلان غفر الله له ولوالديه ولاستاذيه ولجميع المسلمين والحمد لله رب العالمين امين اللهم امين م م م م م م م" ; [Thabat / Ijāzah] "Authorial" and "Scribal," reads "قال ذلك بفمه ورقمه بقلمه افقر العباد ... ابو الفلاح عبد الحي بن احمد بن محمد بن العماد [؟] وفقه الله لقول السداد ... فكتب وصحح [؟] ذلك بمدرسة السليمية من صالحية دمشق ... نهار الاربعاء ثامن شهر ربيع الاول سنة سبع وسبعين والف جعلها الله خالصة لوجه امين"</subfield></datafield><datafield tag="500" ind1=" " ind2=" "><subfield code="a">Explicit: [Natījat al-naẓar] "يعني ان علماء الحديث صنفوا في غالب الانواع المذكورة في الخاتمة وهي من قبيل النقل المحضر وهذا خاتمة هذا الكتاب والله الموفق والهادي للصواب لا رب سواه ولا معبود الا اياه" ; [Thabat / Ijāzah] "ثم صحب ابن عمه علي ابن ابي طالب رضي الله تعالى عنه واختص به وبصحبته حتى توفى ومات ابن عباس رضي الله عنه في رمضان سنة ثمان وستين وعاش ثلاثا وثمانين سنة</subfield></datafield><datafield tag="500" ind1=" " ind2=" "><subfield code="a">Incipit: [Natījat al-naẓar] "الحمد لله الذي شرح حرج الصدور لنخبة الفكر في علوم الخبر وفتح مرتج الامور من مسالك العبر للصحيح النظر ... اما بعد فان الكتاب المسمى نخبة الفكر في مصطلح اهل الاثر من مصنفات الشيخ الامام ... الفضل شهاب الدين ابن حجر ..." ; [Thabat / Ijāzah] "الحمد لله الذي رفع لاهل الحديث ... وكساهم بدعاء نبيهم من النضرة جلبابا ... وبعد فان علم الحديث اشرف العلوم على الاطلاق ... هذا وان اشد من رأيت عنايته بهذا الشأن ... الشيخ عبد القادر ابن يحيى اغا بن جمعة اغا البصري مولدا الاثري الخبري الاصولي الحنبلي مذهبا ومعتقدا ..."</subfield></datafield><datafield tag="500" ind1=" " ind2=" "><subfield code="a">Title supplied by cataloguer from 'title page' (p.11).</subfield></datafield><datafield tag="500" ind1=" " ind2=" "><subfield code="a">Ms. composite codex.</subfield></datafield><datafield tag="505" ind1="0" ind2=" "><subfield code="a">4. p.165-p.166 : [Ijāzah granted to Ḥusayn ibn Naẓmīʻzādah by ʻAbd al-Qādir ibn Yaḥyá ibn Jumʻah al-Baṣīr al-Baṣrī] / ʻAbd al-Qādir ibn Yaḥyá ibn Jumʻah al-Baṣīr al-Baṣrī.</subfield></datafield><datafield tag="505" ind1="0" ind2=" "><subfield code="a">3. p.126-p.165 : [Thabat or ijāzah granted to ʻAbd al-Qādir ibn Yaḥyá ibn Jumʻah al-Baṣīr al-Baṣrī by ʻAbd al-Ḥayy ibn Aḥmad Ibn al-ʻImād] / ʻAbd al-Ḥayy ibn Aḥmad Ibn al-ʻImād.</subfield></datafield><datafield tag="505" ind1="0" ind2=" "><subfield code="a">2. p.123-p.125 : [blank].</subfield></datafield><datafield tag="505" ind1="0" ind2=" "><subfield code="a">1. p.12-p.122 : Natījat al-naẓar fī nukhbat al-fikar / Kamāl al-Dīn Muḥammad ibn Muḥammad ibn Ḥasan al-Taymī al-Dārimī.</subfield></datafield><datafield tag="510" ind1="4" ind2=" "><subfield code="a">Witkam, J. J. "The human element between text and reader: the ijāza in Arabic manuscripts." In The codicology of Islamic manuscripts: proceedings of the Second Conference of Al-Furqān Islamic Heritage Foundation, 4-5 December 1993. Ed. Yasin Dutton, (London: Al-Furqān Islamic Heritage Foundation, 1995) :</subfield><subfield code="c">123-136.</subfield></datafield><datafield tag="510" ind1="4" ind2=" "><subfield code="a">Nikolaev, Vsevolod. Watermarks of the mediaeval Ottoman documents in Bulgarian libraries. In Watermarks of the Ottoman Empire, volume 1. Sofia: Bulgarian Academy of Sciences, 1954.</subfield></datafield><datafield tag="510" ind1="4" ind2=" "><subfield code="a">Ḥājjī Khalīfah. Kashf al-ẓunūn,</subfield><subfield code="c">vi 299, no. 13574 ; vi 317</subfield></datafield><datafield tag="510" ind1="4" ind2=" "><subfield code="a">Brockelmann, C. GAL,</subfield><subfield code="c">S II 403</subfield></datafield><datafield tag="510" ind1="4" ind2=" "><subfield code="a">Brockelmann, C. GAL,</subfield><subfield code="c">I 359 ; II 68</subfield></datafield><datafield tag="520" ind1="8" ind2=" "><subfield code="a">A fine copy of a commentary on a treatise on the technical terms used in the science of ḥadīth by Ibn Ḥajar al-ʻAsqalānī (d.1449), Nukhbat al-fikar fī musṭalaḥ ahl al-athar, summarizing the work of Ibn al-Ṣalāḥ al-Shahrazūrī (d.1245). Followed by a lengthy thabat or ijāzah granted to ʻAbd al-Qādir ibn Yaḥyá ibn Jumʻah al-Baṣīr al-Baṣrī by ʻAbd al-Ḥayy ibn Aḥmad Ibn al-ʻImād, itself followed by an ijāzah granted to Ḥusayn ibn Naẓmīʻzādah by the holder of the previous ijāzah.</subfield></datafield><datafield tag="538" ind1=" " ind2=" "><subfield code="a">Mode of access: Internet.</subfield></datafield><datafield tag="541" ind1=" " ind2=" "><subfield code="a">Acquired in 1926 from the bookseller Isaac Benjamin S.E. Yahuda via purchase transacted on his behalf by Abraham Shalom Yahuda (1877-1951), his younger brother.</subfield></datafield><datafield tag="546" ind1=" " ind2=" "><subfield code="a">Arabic.</subfield></datafield><datafield tag="561" ind1=" " ind2=" "><subfield code="a">Waqf statement on 'title page' (p.11) in name of Aḥmad al-Wālī in Raqqah accompanied by oval seal impression (partially obscured), statement reads "وقفت هذا الكتاب المسمى بنخبة الفكر وقفا صحيحا طالبا لرضا الله العليم وهاربا من عذابه الاليم بحيث لا يباع ولا يوهب ولا يرهن واجري على الحي الكريم يوم لا ينفع ولا بنون الا من اتى الله بقلب سليم وانا الفقير الى الله الغني احمد الوالي بمحروسة رقة" ; brief statement of same waqf appears again on p.80 accompanied by oval seal impression of wāqif ; occasional marginal corrections ; a second ijāzah granted to Ḥusayn ibn Naẓmīʻzādah ( حسين المشهور بابن نظمي زاده ) by the recipient of the first ijāzah, ʻAbd al-Qādir ibn Yaḥyá al-Baṣīr al-Baṣrī, via qirāʼah for Ṣaḥīḥ al-Bukhārī and for those other books of ḥadīth, tafsīr and fiqh he was authorized to transmit including the preceding thabat granted to him by Abū al-Falāḥ ʻAbd al-Ḥayy, this ijāzah is dated 13 Dhū al-Qaʻdah 1086 [ca. 29 January 1676] and accompanied by an impression of the oval seal of ʻAbd al-Qādir reading "عبد القادر ارحم يا عظيم يا قادر ١٠٨٣" and apparently dated 1083 [1672 or 3].</subfield></datafield><datafield tag="600" ind1="1" ind2="0"><subfield code="a">Ibn Ḥajar al-ʻAsqalānī, Aḥmad ibn ʻAlī,</subfield><subfield code="d">1372-1449.</subfield><subfield code="t">Nukhbat al-fikar fī muṣṭalaḥ ahl al-athar.</subfield></datafield><datafield tag="650" ind1=" " ind2="0"><subfield code="a">Manuscripts, Arabic</subfield><subfield code="z">Michigan</subfield><subfield code="z">Ann Arbor.</subfield></datafield><datafield tag="650" ind1=" " ind2="0"><subfield code="a">Hadith</subfield><subfield code="x">Terminology</subfield><subfield code="v">Early works to 1800.</subfield></datafield><datafield tag="700" ind1="0" ind2=" "><subfield code="6">880-06</subfield><subfield code="a">ʻAbd al-Qādir ibn Yaḥyá ibn Jumaʻah al-Baṣīr al-Baṣrī,</subfield><subfield code="d">fl. 1666.</subfield></datafield><datafield tag="700" ind1="1" ind2="2"><subfield code="6">880-05</subfield><subfield code="a">Ibn al-ʻImād, ʻAbd al-Ḥayy ibn Aḥmad,</subfield><subfield code="d">1623-1679.</subfield><subfield code="t">Thabat ʻAbd al-Qādir ibn Yaḥyá al-Baṣrī.</subfield></datafield><datafield tag="773" ind1="0" ind2=" "><subfield code="a">Yahuda Collection.</subfield></datafield><datafield tag="880" ind1="0" ind2=" "><subfield code="6">700-06/</subfield><subfield code="a">عبد القادر بن يحيى بن جمعة البصير البصري.</subfield></datafield><datafield tag="880" ind1="1" ind2="2"><subfield code="6">700-05/</subfield><subfield code="a">ابن العماد عبد الحي بن احمد.</subfield><subfield code="t">ثبت عبد القادر بن يحيى البصري.</subfield></datafield><datafield tag="880" ind1="1" ind2="0"><subfield code="6">245-03/</subfield><subfield code="a">[نتيجة النظر في نخبة الفكر...إلخ,</subfield><subfield code="f">1077ه، 1666م و 1086ه، 1676م].</subfield></datafield><datafield tag="880" ind1="0" ind2=" "><subfield code="6">100-01/</subfield><subfield code="a">كمال الدين محمد بن محمد بن حسن التيمي الدارمي.</subfield></datafield><datafield tag="CID" ind1=" " ind2=" "><subfield code="a">006812474</subfield></datafield><datafield tag="DAT" ind1="0" ind2=" "><subfield code="a">20190719102637.0</subfield><subfield code="b">20190719000000.0</subfield></datafield><datafield tag="DAT" ind1="1" ind2=" "><subfield code="a">20190719090653.0</subfield><subfield code="b">2019-07-19T16:10:29Z</subfield></datafield><datafield tag="DAT" ind1="2" ind2=" "><subfield code="a">2015-10-02T18:00:03Z</subfield></datafield><datafield tag="CAT" ind1=" " ind2=" "><subfield code="a">SDR-MIU</subfield><subfield code="d">EX LIBRIS - ALEPH</subfield><subfield code="l">prepare.pl-004-008</subfield></datafield><datafield tag="FMT" ind1=" " ind2=" "><subfield code="a">BK</subfield></datafield><datafield tag="HOL" ind1=" " ind2=" "><subfield code="0">sdr-miu006812474</subfield><subfield code="a">MiU</subfield><subfield code="b">SDR</subfield><subfield code="c">MIU</subfield><subfield code="p">mdp.39015079128115</subfield><subfield code="s">MIU</subfield><subfield code="1">006812474</subfield></datafield><datafield tag="974" ind1=" " ind2=" "><subfield code="b">MIU</subfield><subfield code="c">MIU</subfield><subfield code="d">20190719</subfield><subfield code="s">lit-dlps-dc</subfield><subfield code="u">mdp.39015079128115</subfield><subfield code="y">1676</subfield><subfield code="r">pd</subfield><subfield code="q">bib</subfield><subfield code="t">non-US bib date2, date type m &lt; 1879</subfield></datafield></record></collection>